
@book{odersky_programming_2010,
	address = {Walnut Creek},
	edition = {Second},
	title = {Programming in {Scala}},
	publisher = {Artima},
	author = {Odersky, Martin and Spoon, Lex and Venners, Bill},
	year = {2010},
	file = {programming_in_scala_2nd.pdf:/home/roxana/Zotero/storage/69X6QTKB/programming_in_scala_2nd.pdf:application/pdf}
}

@book{bugnion_scala_2016,
	address = {Birmingham},
	title = {Scala for data science},
	publisher = {Packt Publishing},
	author = {Bugnion, Pascal},
	year = {2016}
}

@book{harrington_machine_2012,
	address = {Shelter Island},
	title = {Machine learning in action},
	publisher = {Manning Publications Co.},
	author = {Harrington, Peter},
	year = {2012}
}

@book{karau_learning_2015,
	address = {Sebastopol},
	title = {Learning {Spark}},
	publisher = {O'Reilly},
	author = {Karau, Holden and Konwinski, Andy and Wendell, Patrick and Zaharia, Matei},
	year = {2015},
	file = {Learning Spark_2015.pdf:/home/roxana/Zotero/storage/UEMSGB2Y/Learning Spark_2015.pdf:application/pdf}
}

@book{nicolas_scala_2015,
	address = {Birmingham},
	title = {Scala for machine learning},
	publisher = {Packt Publishing},
	author = {Nicolas, Patrick},
	year = {2015}
}

@book{swartz_learning_2015,
	address = {Sebastopol},
	title = {Learning {Scala}},
	publisher = {O'Reilly},
	author = {Swartz, Jason},
	year = {2015},
	file = {Learning Scala.pdf:/home/roxana/Zotero/storage/S628CX8Q/Learning Scala.pdf:application/pdf}
}

@book{trask_grokking_2017,
	address = {Shelter Island},
	title = {Grokking deep learning},
	publisher = {Manning Publications Co.},
	author = {Trask, Andrew},
	year = {2017}
}

@book{wilkinson_statistical_2017,
	title = {Statistical computing with {Scala}: a functional approach to data science},
	author = {Wilkinson, Darren},
	year = {2017}
}

@book{suereth_sbt_2016,
	address = {Shelter Island},
	title = {{SBT} in action: the simple {Scala} {Build} {Tool}},
	publisher = {Manning Publications Co.},
	author = {Suereth, Joshua and Farwell, Matthew},
	year = {2016}
}

@book{dawkins_pauls_2005,
	series = {Math {Tutorial} {Lamar} {University}},
	title = {Paul's notes on linear algebra},
	publisher = {Lamar University},
	author = {Dawkins, Paul},
	year = {2005},
	file = {LinAlg_Complete.pdf:/home/roxana/Zotero/storage/UPREBEZV/LinAlg_Complete.pdf:application/pdf}
}

@book{quinn_experimental_2002,
	address = {Cambridge},
	title = {Experimental design and data analysis for biologists},
	publisher = {Cambridge University Press},
	author = {Quinn, Gerry and Keough, Michael},
	year = {2002},
	file = {experimental-design-and-data-analysis-for-biologists1.pdf:/home/roxana/Zotero/storage/M5QG4KKJ/experimental-design-and-data-analysis-for-biologists1.pdf:application/pdf}
}

@book{venables_modern_2002,
	address = {New York},
	title = {Modern applied statistics with {S}},
	publisher = {Springer},
	author = {Venables, W. N. and Ripley, B. D.},
	year = {2002},
	file = {Modern_Applied_Statistics_With_S.pdf:/home/roxana/Zotero/storage/ZEVUXTI2/Modern_Applied_Statistics_With_S.pdf:application/pdf}
}

@book{lial_calculus_2012,
	edition = {Tenth},
	title = {Calculus with applications},
	publisher = {Pearson},
	author = {Lial, Margaret and Greenwell, Raymond and Ritchey, Nathan},
	year = {2012},
	file = {calculus_with_applications.pdf:/home/roxana/Zotero/storage/GYXQ6UV3/calculus_with_applications.pdf:application/pdf}
}

@book{pfeffer_practical_nodate,
	address = {Shelter Island},
	title = {Practical probabilistic programming},
	publisher = {Manning Publications Co.},
	author = {Pfeffer, Avi},
	file = {Practical_Probabilistic_Programming.pdf:/home/roxana/Zotero/storage/4TCCSWFY/Practical_Probabilistic_Programming.pdf:application/pdf}
}

@book{jackman_bayesian_2009,
	series = {Wiley {Series} in {Probability} and {Statistics}},
	title = {Bayesian analyses for social sciences},
	publisher = {John Wiley \& Sons},
	author = {Jackman, Simon},
	year = {2009},
	file = {Simon_Jackman_book.pdf:/home/roxana/Zotero/storage/7B9KAL25/Simon_Jackman_book.pdf:application/pdf}
}

@misc{epfl_scala_2017,
	title = {Scala {Standard} {Library} 2.12.0},
	url = {http://www.scala-lang.org/api/2.12.0/scala/index.html},
	publisher = {EPFL},
	author = {EPFL},
	year = {2017}
}

@book{mitchell_machine_1997,
	title = {Machine {Learning}},
	publisher = {McGraw-Hill},
	author = {Mitchell, Tom M.},
	year = {1997},
	file = {Machine Learning - Tom Mitchell.pdf:/home/roxana/Zotero/storage/PXWGR7Q6/Machine Learning - Tom Mitchell.pdf:application/pdf}
}

@misc{mitchell_discipline_nodate,
	title = {The discipline of {Machine} {Learning}},
	publisher = {CMU},
	author = {Mitchell, Tom M.},
	file = {MachineLearning.pdf:/home/roxana/Zotero/storage/JMA32XYY/MachineLearning.pdf:application/pdf}
}

@article{jordan_machine_2015,
	title = {Machine learning: trends, perspectives, and prospects},
	volume = {349},
	number = {6245},
	author = {Jordan, M. I. and Mitchell, T. M.},
	month = jul,
	year = {2015},
	pages = {255--260},
	file = {Science-ML-2015.pdf:/home/roxana/Zotero/storage/5HQJ2Z8U/Science-ML-2015.pdf:application/pdf}
}

@article{quinlan_induction_nodate,
	title = {Induction of decision trees},
	volume = {1},
	journal = {Machine Learning},
	author = {Quinlan, J. R.},
	pages = {81--106},
	file = {QuinlanJR1986_InductionOfDecisionTrees.pdf:/home/roxana/Zotero/storage/J4BRIV47/QuinlanJR1986_InductionOfDecisionTrees.pdf:application/pdf}
}

@book{shotts_linux_2009,
	title = {The {Linux} {Command} {Line}},
	publisher = {LinuxCommand.org},
	author = {Shotts, William E. Jr.},
	year = {2009},
	file = {LIS_2600_ M1_Shotts 2009.pdf:/home/roxana/Zotero/storage/JXFZGPF6/LIS_2600_ M1_Shotts 2009.pdf:application/pdf}
}

@article{noauthor_notitle_nodate
}

@article{wu_top_2008,
	title = {Top 10 algorithms in data mining},
	volume = {14},
	journal = {Knowl Inf Syst},
	author = {Wu, Xidong and Kumar, Vipin and Quinlan, J. Ross and Ghosh, Joydeep and Yang, Qiang and Motoda, Hiroshi and McLachlan, Geoffrey and Ng, Angus and Liu, Bing and Yu, Phillip S. and Zhou, Zhi-Hua and Steinbach, Michael and Hand, David J. and Steinberg, Dan},
	year = {2008},
	pages = {1--37},
	file = {10Algorithms-08.pdf:/home/roxana/Zotero/storage/VFVBIUNE/10Algorithms-08.pdf:application/pdf}
}

@book{rehman_linux_2003,
	title = {The {Linux} {Development} {Platform}},
	publisher = {Pearson},
	author = {Rehman, Rafeeq Ur and Paul, Christopher},
	year = {2003},
	file = {Linux_development_platform.pdf:/home/roxana/Zotero/storage/KH2GM32T/Linux_development_platform.pdf:application/pdf}
}

@book{noauthor_vim-book_nodate,
	title = {Vim-{Book}},
	file = {vimbook-OPL.pdf:/home/roxana/Zotero/storage/WQAKXVUT/vimbook-OPL.pdf:application/pdf}
}

@book{neil_practical_nodate,
	title = {Practical {Vim}},
	publisher = {The Pragmatic Bookshelf},
	author = {Neil, Drew},
	file = {Practical Vim_ Edit Text at th - Neil, Drew_5334.pdf:/home/roxana/Zotero/storage/IPHE7ZW2/Practical Vim_ Edit Text at th - Neil, Drew_5334.pdf:application/pdf}
}

@book{kopka_guide_2004,
	address = {Harlow},
	edition = {Fourth},
	title = {A {Guide} to {LaTeX} and {Electronic} {Publishing}},
	publisher = {Addison Wesley},
	author = {Kopka, Helmut and Daly, Patrick W.},
	year = {2004},
	file = {Guide_To_LaTeX.pdf:/home/roxana/Zotero/storage/FUSLMTR3/Guide_To_LaTeX.pdf:application/pdf}
}

@misc{claudio_latex-tutorial.com_nodate,
	title = {{LaTeX}-{Tutorial}.com},
	url = {https://www.latex-tutorial.com/},
	language = {Deutch},
	urldate = {2017-08-25},
	author = {Claudio, Vellage}
}

@phdthesis{roxana_valuing_2008,
	address = {Freiburg i. Br.},
	title = {Valuing non-market environmental goods - a critical analysis of various valuation methods},
	school = {Albert Ludwigs Universitaet},
	author = {Roxana, Tesileanu},
	year = {2008},
	file = {Tesileanu2008_DA.pdf:/home/roxana/Zotero/storage/EKTS8M8R/Tesileanu2008_DA.pdf:application/pdf}
}

@article{vatn_choices_1994,
	title = {Choices without prices without apologies},
	volume = {26},
	journal = {Journal of Environmental Econimics and Management},
	author = {Vatn, Arild and Bromley, Daniel W.},
	year = {1994},
	pages = {129--148},
	file = {VatnBrom.pdf:/home/roxana/Zotero/storage/J5R3CQWC/VatnBrom.pdf:application/pdf}
}

@article{hastie_discriminant_1996,
	title = {Discriminant {Adaptive} {Nearest} {Neighbor} {Classification} and {Regression}},
	volume = {18},
	number = {6},
	journal = {IEEE Trans. Pattern Anal. Match. Intell.},
	author = {Hastie, Trevor and Tibshirani, Robert},
	year = {1996},
	pages = {607--616},
	file = {Hastie_Tibshirani_1996.pdf:/home/roxana/Zotero/storage/MAQHSUIB/Hastie_Tibshirani_1996.pdf:application/pdf}
}

@misc{tesileanu_using_2017,
	title = {Using {Linux} as a development platform for {Scala} projects},
	url = {https://www.researchgate.net/publication/319260791_Using_Linux_as_a_development_platform_for_Scala_projects},
	author = {Tesileanu, Roxana},
	year = {2017},
	file = {Linux_Scala.docx:/home/roxana/Zotero/storage/6LHK5QJ7/Linux_Scala.docx:application/vnd.openxmlformats-officedocument.wordprocessingml.document}
}

@misc{tesileanu_introduction_2017,
	title = {Introduction to statistical computing in {Scala}: an application of the k-{Nearest} {Neighbors} classifier},
	publisher = {INCDS, Technical Report},
	author = {Tesileanu, Roxana},
	year = {2017},
	file = {Intro_Statistical_Computing.docx:/home/roxana/Zotero/storage/ZXPETD47/Intro_Statistical_Computing.docx:application/vnd.openxmlformats-officedocument.wordprocessingml.document}
}

@article{shell_how_nodate,
	title = {How to use the {IEEEtran} {LaTeX}  class},
	volume = {14},
	number = {8},
	journal = {Journal of LaTeX class files},
	author = {Shell, Michael},
	file = {IEEEtran_HOWTO.pdf:/home/roxana/Zotero/storage/2TH28CXM/IEEEtran_HOWTO.pdf:application/pdf}
}

@article{pearl_entropy_nodate,
	title = {Entropy, information and rational decisions},
	volume = {3},
	number = {1},
	journal = {Policy Analysis and Information Systems},
	author = {Pearl, Judea},
	pages = {93--109},
	file = {Pearl_1978.pdf:/home/roxana/Zotero/storage/R7TYE9GE/Pearl_1978.pdf:application/pdf}
}

@book{carroll_mathematical_1997,
	address = {San Diego},
	edition = {Revised},
	title = {Mathematical {Tools} for {Applied} {Multivariate} {Analysis}},
	publisher = {Academic Press},
	author = {Carroll, J. Douglas and Green, Paul E.},
	year = {1997},
	file = {Carroll_Green_1997.pdf:/home/roxana/Zotero/storage/U5MBEKQY/Carroll_Green_1997.pdf:application/pdf}
}

@book{noauthor_multivariate_2016,
	edition = {Fourth},
	title = {Multivariate {Statistical} {Methods}: {A} {Primer}},
	publisher = {CRC Press},
	year = {2016}
}

@book{garrard_geoprocessing_2016,
	address = {Shelter Island},
	title = {Geoprocessing with {Python}},
	publisher = {Manning Publications Co.},
	author = {Garrard, Chris},
	year = {2016},
	file = {Geoprocessing_with_Python.pdf:/home/roxana/Zotero/storage/66RUMLM9/Geoprocessing_with_Python.pdf:application/pdf}
}

@misc{safavi_installing_2015,
	title = {Installing {GDAL}/{OGR} on {Ubuntu}},
	journal = {http://www.sarasafavi.com},
	author = {Safavi, Sara},
	year = {2015}
}

@misc{noauthor_notitle_nodate-1
}

@misc{noauthor_ubuntugis_nodate,
	title = {{UbuntuGIS}},
	url = {https://wiki.ubuntu.com/UbuntuGIS},
	publisher = {Ubuntu}
}

@misc{noauthor_gdal_nodate,
	title = {{GDAL} {Java} {API}},
	url = {http://gdal.org/java/}
}

@book{webster_geostatistics_2007,
	edition = {Second Edition},
	title = {Geostatistics for {Environmental} {Scientists}},
	publisher = {Wiley},
	author = {Webster, Richard and Oliver, Margaret  A.},
	year = {2007},
	file = {Geostatistics.for.Environmental.Scientists.Dez.2007.pdf:/home/roxana/Zotero/storage/VU3BDNWV/Geostatistics.for.Environmental.Scientists.Dez.2007.pdf:application/pdf}
}

@book{lewis_introduction_2017,
	title = {Introduction to {Programming} and {Problem} {Solving} {Using} {Scala}},
	publisher = {CRC Press},
	author = {Lewis, Marc C. and Lacher, Lisa L.},
	year = {2017},
	file = {Introduction to Programming and Problem-Solving Using Scala, Second Edition.pdf:/home/roxana/Zotero/storage/IFIDX8L7/Introduction to Programming and Problem-Solving Using Scala, Second Edition.pdf:application/pdf}
}

@misc{noauthor_google_nodate,
	title = {Google {Maps}},
	url = {https://maps.google.com/},
	publisher = {Google}
}