
@book{odersky_programming_2010,
	address = {Walnut Creek},
	edition = {Second},
	title = {Programming in {Scala}},
	publisher = {Artima},
	author = {Odersky, Martin and Spoon, Lex and Venners, Bill},
	year = {2010},
	file = {programming_in_scala_2nd.pdf:/home/roxana/Zotero/storage/69X6QTKB/programming_in_scala_2nd.pdf:application/pdf}
}

@book{bugnion_scala_2016,
	address = {Birmingham},
	title = {Scala for data science},
	publisher = {Packt Publishing},
	author = {Bugnion, Pascal},
	year = {2016}
}

@book{harrington_machine_2012,
	address = {Shelter Island},
	title = {Machine learning in action},
	publisher = {Manning Publications Co.},
	author = {Harrington, Peter},
	year = {2012}
}

@book{karau_learning_2015,
	address = {Sebastopol},
	title = {Learning {Spark}},
	publisher = {O'Reilly},
	author = {Karau, Holden and Konwinski, Andy and Wendell, Patrick and Zaharia, Matei},
	year = {2015},
	file = {Learning Spark_2015.pdf:/home/roxana/Zotero/storage/UEMSGB2Y/Learning Spark_2015.pdf:application/pdf}
}

@book{swartz_learning_2015,
	address = {Sebastopol},
	title = {Learning {Scala}},
	publisher = {O'Reilly},
	author = {Swartz, Jason},
	year = {2015},
	file = {Learning Scala.pdf:/home/roxana/Zotero/storage/S628CX8Q/Learning Scala.pdf:application/pdf}
}

@book{trask_grokking_2017,
	address = {Shelter Island},
	title = {Grokking deep learning},
	publisher = {Manning Publications Co.},
	author = {Trask, Andrew},
	year = {2017}
}

@book{suereth_sbt_2016,
	address = {Shelter Island},
	title = {{SBT} in action: the simple {Scala} {Build} {Tool}},
	publisher = {Manning Publications Co.},
	author = {Suereth, Joshua and Farwell, Matthew},
	year = {2016}
}

@book{dawkins_pauls_2005,
	series = {Math {Tutorial} {Lamar} {University}},
	title = {Paul's notes on linear algebra},
	publisher = {Lamar University},
	author = {Dawkins, Paul},
	year = {2005},
	file = {LinAlg_Complete.pdf:/home/roxana/Zotero/storage/UPREBEZV/LinAlg_Complete.pdf:application/pdf}
}

@book{quinn_experimental_2002,
	address = {Cambridge},
	title = {Experimental design and data analysis for biologists},
	publisher = {Cambridge University Press},
	author = {Quinn, Gerry and Keough, Michael},
	year = {2002},
	file = {experimental-design-and-data-analysis-for-biologists1.pdf:/home/roxana/Zotero/storage/M5QG4KKJ/experimental-design-and-data-analysis-for-biologists1.pdf:application/pdf}
}

@misc{epfl_scala_2017,
	title = {Scala {Standard} {Library} 2.12.0},
	url = {http://www.scala-lang.org/api/2.12.0/scala/index.html},
	publisher = {EPFL},
	author = {EPFL},
	year = {2017}
}

@article{jordan_machine_2015,
	title = {Machine learning: trends, perspectives, and prospects},
	volume = {349},
	number = {6245},
	journal = {Science},	
	author = {Jordan, M. I. and Mitchell, T. M.},
	month = jul,
	year = {2015},
	pages = {255--260},
	file = {Science-ML-2015.pdf:/home/roxana/Zotero/storage/5HQJ2Z8U/Science-ML-2015.pdf:application/pdf}
}

@book{rehman_linux_2003,
	title = {The {Linux} {Development} {Platform}},
	publisher = {Pearson},
	author = {Rehman, Rafeeq Ur and Paul, Christopher},
	year = {2003},
	file = {Linux_development_platform.pdf:/home/roxana/Zotero/storage/KH2GM32T/Linux_development_platform.pdf:application/pdf}
}

@article{vatn_choices_1994,
	title = {Choices without prices without apologies},
	volume = {26},
	journal = {Journal of Environmental Econimics and Management},
	author = {Vatn, Arild and Bromley, Daniel W.},
	year = {1994},
	pages = {129--148},
	file = {VatnBrom.pdf:/home/roxana/Zotero/storage/J5R3CQWC/VatnBrom.pdf:application/pdf}
}

@article{hastie_discriminant_1996,
	title = {Discriminant {Adaptive} {Nearest} {Neighbor} {Classification} and {Regression}},
	volume = {18},
	number = {6},
	journal = {IEEE Trans. Pattern Anal. Match. Intell.},
	author = {Hastie, Trevor and Tibshirani, Robert},
	year = {1996},
	pages = {607--616},
	file = {Hastie_Tibshirani_1996.pdf:/home/roxana/Zotero/storage/MAQHSUIB/Hastie_Tibshirani_1996.pdf:application/pdf}
}

@misc{tesileanu_using_2017,
	title = {Using {Linux} as a development platform for {Scala} projects},
	url = {https://www.researchgate.net/publication/319260791_Using_Linux_as_a_development_platform_for_Scala_projects},
	author = {Tesileanu, Roxana},
	year = {2017},
	file = {Linux_Scala.docx:/home/roxana/Zotero/storage/6LHK5QJ7/Linux_Scala.docx:application/vnd.openxmlformats-officedocument.wordprocessingml.document}
}

@misc{tesileanu_introduction_2017,
	title = {Introduction to statistical computing in {Scala}: an application of the k-{Nearest} {Neighbors} classifier},
	url = {https://www.researchgate.net/publication/318815119_Introduction_to_statistical_computing_in_Scala_an_application_of_the_k-Nearest_Neighbors_classifier},	
	publisher = {INCDS, Technical Report},
	author = {Tesileanu, Roxana},
	year = {2017},
	file = {Intro_Statistical_Computing.docx:/home/roxana/Zotero/storage/ZXPETD47/Intro_Statistical_Computing.docx:application/vnd.openxmlformats-officedocument.wordprocessingml.document}
}
